@Webpage{kitlogo,
   url =       {http://www.kit.edu/img/intern/10jahre_de.svg},
   author    = {KIT},
   title     = {KIT logo},
   lastchecked = {\today}
}

@article{surveyqu,
  title={Approximate computing: A survey},
  author={Xu, Qiang and Mytkowicz, Todd and Kim, Nam Sung},
  journal={IEEE Design \& Test},
  volume={33},
  number={1},
  pages={8--22},
  year={2015},
  publisher={IEEE}
}

@Webpage{kitorg,
   url =       {https://www.kit.edu/kit/english/organization.php},
   author    = {KIT},
   title     = {Organization and Governance},
   lastchecked = {\today}
}

@article{aftermoore,
  title={Fundamental limits to Moore's Law},
  author={Kumar, Suhas},
  journal={arXiv preprint arXiv:1511.05956},
  year={2015}
}

@article{moorelawlimit,
  author =       {Suhas Kumar},
  title =        {Fundamental limits to Moore’s law},
  month =        {November},
  year =         {2015},
  DOI =          {arXiv:1511.05956}
}

@article{mooredead,
  title={Moore’s Law is dead, says Gordon Moore},
  author={Dubash, Manek},
  journal={Techworld. com},
  volume={13},
  year={2005}
}

@article{memorywall,
  title={Hitting the memory wall: implications of the obvious},
  author={Wulf, Wm A and McKee, Sally A},
  journal={ACM SIGARCH computer architecture news},
  volume={23},
  number={1},
  pages={20--24},
  year={1995},
  publisher={ACM}
}

@inproceedings{utilizationwall,
  title={Conservation cores: reducing the energy of mature computations},
  author={Venkatesh, Ganesh and Sampson, Jack and Goulding, Nathan and Garcia, Saturnino and Bryksin, Vladyslav and Lugo-Martinez, Jose and Swanson, Steven and Taylor, Michael Bedford},
  booktitle={ACM SIGARCH Computer Architecture News},
  volume={38},
  number={1},
  pages={205--218},
  year={2010},
  organization={ACM}
}

@article{whitepaper,
  title={White paper from a few cores to many: A tera-scale computing research review},
  author={Held, Jim and Bautista, Jerry and Koehl, Sean},
  year={2006},
  publisher={Citeseer}
}

@inproceedings{errortolerant,
  title={Characterization of error-tolerant applications when protecting control data},
  author={Thaker, Darshan D and Franklin, Diana and Oliver, John and Biswas, Susmit and Lockhart, Derek and Metodi, Tzvetan and Chong, Frederic T},
  booktitle={2006 IEEE International Symposium on Workload Characterization},
  pages={142--149},
  year={2006},
  organization={IEEE}
}

@book{patternrecogbook,
  title={Pattern recognition and machine learning},
  author={Bishop, Christopher M},
  year={2006},
  publisher={springer}
}

@inproceedings{approximatecomp,
  title={Approximate computing: Challenges and opportunities},
  author={Agrawal, Ankur and Choi, Jungwook and Gopalakrishnan, Kailash and Gupta, Suyog and Nair, Ravi and Oh, Jinwook and Prener, Daniel A and Shukla, Sunil and Srinivasan, Vijayalakshmi and Sura, Zehra},
  booktitle={2016 IEEE International Conference on Rebooting Computing (ICRC)},
  pages={1--8},
  year={2016},
  organization={IEEE}
}

@article{deeplearningoverview,
  title={Deep learning in neural networks: An overview},
  author={Schmidhuber, J{\"u}rgen},
  journal={Neural networks},
  volume={61},
  pages={85--117},
  year={2015},
  publisher={Elsevier}
}

@article{surveyfpgann,
  title={A survey of fpga-based neural network accelerator},
  author={Guo, Kaiyuan and Zeng, Shulin and Yu, Jincheng and Wang, Yu and Yang, Huazhong},
  journal={arXiv preprint arXiv:1712.08934},
  year={2017}
}

@webpage{badenmap,
  url =          {https://www.google.com/maps/place/Baden-W%C3%BCrttemberg/{@}48.6618471,9.0036649,8z/data=!3m1!4b1!4m5!3m4!1s0x47911b62826406df:0xc68c48bf0d244860!8m2!3d48.6616037!4d9.3501336?hl=en},
  site =         {maps.google.com},
  lastchecked =  {\today}
}

@webpage{karlsmap,
  url =          {https://en.wikivoyage.org/wiki/Baden-W%C3%BCrttemberg#/media/File:Baden-Wuerttemberg_travel_map_EN.png},
  site =         {wiki voyage},
  author =       {kjunix},
  title =        {Map of Baden-Württemberg},
  lastchecked =  {\today}
}

@inproceedings{suda,
  title={Throughput-optimized OpenCL-based FPGA accelerator for large-scale convolutional neural networks},
  author={Suda, Naveen and Chandra, Vikas and Dasika, Ganesh and Mohanty, Abinash and Ma, Yufei and Vrudhula, Sarma and Seo, Jae-sun and Cao, Yu},
  booktitle={Proceedings of the 2016 ACM/SIGDA International Symposium on Field-Programmable Gate Arrays},
  pages={16--25},
  year={2016},
  organization={ACM}
}

@inproceedings{pipecnn,
  title={PipeCNN: An OpenCL-based open-source FPGA accelerator for convolution neural networks},
  author={Wang, Dong and Xu, Ke and Jiang, Diankun},
  booktitle={2017 International Conference on Field Programmable Technology (ICFPT)},
  pages={279--282},
  year={2017},
  organization={IEEE}
}

@inproceedings{zhangcnn,
  title={Improving the performance of OpenCL-based FPGA accelerator for convolutional neural network},
  author={Zhang, Jialiang and Li, Jing},
  booktitle={Proceedings of the 2017 ACM/SIGDA International Symposium on Field-Programmable Gate Arrays},
  pages={25--34},
  year={2017},
  organization={ACM}
}

@inproceedings{moons,
  title={Energy-efficient convnets through approximate computing},
  author={Moons, Bert and De Brabandere, Bert and Van Gool, Luc and Verhelst, Marian},
  booktitle={2016 IEEE Winter Conference on Applications of Computer Vision (WACV)},
  pages={1--8},
  year={2016},
  organization={IEEE}
}

@article{kamel,
  title={Accelerating cnn inference on fpgas: A survey},
  author={Abdelouahab, Kamel and Pelcat, Maxime and Serot, Jocelyn and Berry, Fran{\c{c}}ois},
  journal={arXiv preprint arXiv:1806.01683},
  year={2018}
}

@article{schmidhuber2015deep,
  title={Deep learning in neural networks: An overview},
  author={Schmidhuber, J{\"u}rgen},
  journal={Neural networks},
  volume={61},
  pages={85--117},
  year={2015},
  publisher={Elsevier}
}

@article{fukushima1980neocognitron,
  title={Neocognitron: A self-organizing neural network model for a mechanism of pattern recognition unaffected by shift in position},
  author={Fukushima, Kunihiko},
  journal={Biological cybernetics},
  volume={36},
  number={4},
  pages={193--202},
  year={1980},
  publisher={Springer}
}

@article{hubel1968receptive,
  title={Receptive fields and functional architecture of monkey striate cortex},
  author={Hubel, David H and Wiesel, Torsten N},
  journal={The Journal of physiology},
  volume={195},
  number={1},
  pages={215--243},
  year={1968},
  publisher={Wiley Online Library}
}

@article{abadi2016tensorflow,
  title={Tensorflow: Large-scale machine learning on heterogeneous distributed systems},
  author={Abadi, Mart{\'\i}n and Agarwal, Ashish and Barham, Paul and Brevdo, Eugene and Chen, Zhifeng and Citro, Craig and Corrado, Greg S and Davis, Andy and Dean, Jeffrey and Devin, Matthieu and others},
  journal={arXiv preprint arXiv:1603.04467},
  year={2016}
}

@article{karpathy2016cs231n,
  title={Cs231n convolutional neural networks for visual recognition},
  author={Karpathy, Andrej and others},
  journal={Neural networks},
  volume={1},
  year={2016}
}