@String{pami = {{IEEE} {T}ransactions on Pattern Analysis and Machine Intelligence}}
@String{itip = {{IEEE} {T}ransactions on Image Processing}}
@String{ijcv = {International Journal of Computer Vision}}
@String{prl = {Pattern Recognition Letters}}
@String{lti = {{L}ehrstuhl für {T}echnische {I}nformatik, RWTH-Aachen University}}

@Booklet{Alvarado2005,
  title =        {Modelos de Sistemas.  {N}otas de Clase},
  author =       {P. Alvarado},
  url =          {http://www.ie.itcr.ac.cr/palvarado/Modelos/modelos.pdf},
  school =       {Escuela de Ingeniería Electrónica, ITCR},
  year =         {2005},
}

@Book{Burrus1998,
  author =	 {C. S. Burrus and J. H. McClellan and A. V. Oppenheim and T. W. Parks and R. W. Schafer and H. W. Schuessler},
  title = 	 {Ejercicios de Tratamiento de la Señal.  Un enfoque práctico},
  publisher = 	 {Prentice Hall},
  year = 	 1998
}

@Book{Davis1963,
  author =       {H. F. Davis},
  title =        {Fourier series and orthogonal functions},
  publisher =    {Dover Publications, Inc.},
  year =         {1963}
}

@Book{Haykin2001,
  author =       {S. Haykin and B. van Veen},
  title =        {Señales y sistemas},
  publisher =    {Limusa Wiley},
  year =         {2001},
}

@Book{James2002,
  author =	 {G.~James},
  title = 	 {Matemáticas Avanzadas para Ingeniería},
  publisher = 	 {Prentice Hall},
  year = 	 2002,
  edition =	 {2da}
}

@Book{Kreyszig2000a,
  author =	 {E.~Kreyszig},
  title = 	 {Matemáticas Avanzadas para Ingeniería},
  publisher = 	 {Limusa Wiley},
  year = 	 2000,
  volume =	 {I},
  edition =	 {3ra}
}

@Book{Kreyszig2000b,
  author =	 {E.~Kreyszig},
  title = 	 {Matemáticas Avanzadas para Ingeniería},
  publisher = 	 {Limusa Wiley},
  year = 	 2000,
  volume =	 {II},
  edition =	 {3ra}
}

@Book{Lindner2002,
  author =       {D.~Lindner},
  title =        {Introducción a las señales y los sistemas},
  publisher =    {McGraw Hill},
  year =         2002
}

@Webpage{MatLab,
   url =       {http://www.matlab.com},
   author    = {MathWorks},
   title     = {MatLab},
   year      = {1994},
   lastchecked = {\today}
}

@Webpage{Octave,
   url =       {http://www.octave.org},
   author    = {John W. Eaton},
   title     = {Octave},
   school    = {University of Wisconsin},
   year      = {1998},
   lastchecked = {\today}
}

@Webpage{OctaveRep,
   url =       {http://octave.sourceforge.net/afunclist.html},
   author    = {John W. Eaton},
   title     = {Octave Repository},
   school    = {University of Wisconsin},
   year      = {1998},
   lastchecked = {\today}
}

@Book{Oppenheim1998,
  author = 	 {A. Oppenheim and A. Willsky and S. H. Nawab},
  title = 	 {Señales y Sistemas},
  publisher = 	 {Prentice Hall},
  year = 	 1998,
  edition =	 {2da}
}

@Book{ProakisManolakis1998,
  author =	 {J. G. Proakis and D. G. Manolakis},
  title = 	 {Tratamiento Digital de Señales},
  publisher = 	 {Prentice Hall},
  year = 	 {1998},
}

@Book{Roberts2005,
  author =       {M. J. Roberts},
  title =        {Señales y Sistemas.  Análisis mediante métodos de 
                  transformada y {MatLab}},
  publisher =    {McGraw Hill},
  year =         {2005}
}

@Book{Shilov1973,
  author =       {G. E. Shilov},
  title =        {Elementary Real and Complex Analysis},
  publisher =    {Dover Publications, Inc.},
  year =         {1973}
}

@Book{Soria2003,
  author =	 {E. Soria{ }Olivas and M. Martínez{ }Sober and 
                  J. V. Francés{ }Villora and G. Camps{ }Valls},
  title = 	 {Tratamiento Digital de Señales.  Problemas y ejercicios resueltos},
  publisher = 	 {Prentice Hall},
  year = 	 {2003},
  address =	 {Madrid}
}

@Book{Stremler1993,
  author =       {F. G. Stremler},
  title =        {Introducción a los sistemas de comunicación},
  publisher =    {Addison Wesley Longman},
  year =         {1993}
}

@article{einstein,
  author =       "Albert Einstein",
  title =        "{Zur Elektrodynamik bewegter K{\"o}rper}. ({German})
                 [{On} the electrodynamics of moving bodies]",
  journal =      "Annalen der Physik",
  volume =       "322",
  number =       "10",
  pages =        "891--921",
  year =         "1905",
  DOI =          "http://dx.doi.org/10.1002/andp.19053221004",
  keywords =     "physics"
}

@book{dirac,
  title={The Principles of Quantum Mechanics},
  author={Paul Adrien Maurice Dirac},
  isbn={9780198520115},
  series={International series of monographs on physics},
  year={1981},
  publisher={Clarendon Press},
  keywords = {physics}
}

@book{latexcompanion,
    author    = "Michel Goossens and Frank Mittelbach and Alexander Samarin",
    title     = "The \LaTeX\ Companion",
    year      = "1993",
    publisher = "Addison-Wesley",
    address   = "Reading, Massachusetts",
    keywords  = "latex"
}
 
@online{kitlogo,
    author    = "KIT",
    title     = "IT logo",
    url       = "http://www.kit.edu/img/intern/10jahre_de.svg,
    keywords  = "kit,logo"
}

@inbook{knuth-fa,
   author = "Donald E. Knuth",
   title = "Fundamental Algorithms",
   publisher = "Addison-Wesley",
   year = "1973",
   chapter = "1.2",
   keywords  = "knuth,programming"
}

@book{knuth-acp,
   author = "Donald E. Knuth",
   publisher = "Addison-Wesley",
   title = "The Art of Computer Programming",
   series = "Four volumes",
   year = "1968",
   note = "Seven volumes planned",
   keywords  = "knuth,programming"
}

@article{ctan,
    author  = "George D. Greenwade",
    title   = "The {C}omprehensive {T}ex {A}rchive {N}etwork ({CTAN})",
    year    = "1993",
    journal = "TUGBoat",
    volume  = "14",
    number  = "3",
    pages   = "342--351",
    keywords  = "latex"
}
